<?xml version="1.0" encoding="UTF-8"?><collection xmlns="http://www.loc.gov/MARC21/slim"><record><leader>00363nam--2200133-i-4500</leader><controlfield tag="001">000009795</controlfield><controlfield tag="002">20161230</controlfield><controlfield tag="005">20161230201028</controlfield><controlfield tag="008">060222s1000------------r-----000-0-eng-d</controlfield><datafield ind1=" " ind2=" " tag="100"><subfield code="a">Abragam, A</subfield></datafield><datafield ind1=" " ind2=" " tag="245"><subfield code="a">Bleaney, b</subfield></datafield><datafield ind1=" " ind2=" " tag="260"><subfield code="a">Electron Paramagnetic Resonance Of Transition Ions</subfield></datafield><datafield ind1=" " ind2=" " tag="490"><subfield code="a">The International Series Of Monographs On Physics</subfield></datafield><datafield ind1=" " ind2=" " tag="852"><subfield code="a">539.143.43</subfield></datafield></record></collection>